<record><leader>00000cas a2200000 a 4500</leader><controlfield tag="001">9999291</controlfield><controlfield tag="008">831011d18651929nyuwr ne      0    0eng c</controlfield><datafield ind1=" " ind2=" " tag="010"><subfield code="a">sn 83031233 </subfield></datafield><datafield ind1=" " ind2=" " tag="040"><subfield code="a">NPU</subfield><subfield code="b">eng</subfield><subfield code="c">NPU</subfield><subfield code="d">NPX</subfield><subfield code="d">NPT</subfield><subfield code="d">NYS</subfield><subfield code="d">NYG</subfield><subfield code="d">NYS</subfield><subfield code="d">KRTAS</subfield><subfield code="d">OCLCQ</subfield><subfield code="d">OCLCF</subfield><subfield code="d">OCLCO</subfield></datafield><datafield ind1="1" ind2=" " tag="029"><subfield code="a">AU@</subfield><subfield code="b">000020375058</subfield></datafield><datafield ind1=" " ind2=" " tag="042"><subfield code="a">pcc</subfield></datafield><datafield ind1=" " ind2=" " tag="043"><subfield code="a">n-us-ny</subfield></datafield><datafield ind1="0" ind2="4" tag="245"><subfield code="a">The Clyde times.</subfield></datafield><datafield ind1="3" ind2="0" tag="246"><subfield code="a">Clyde times and the Clyde eagle</subfield></datafield><datafield ind1=" " ind2=" " tag="260"><subfield code="a">Clyde, N.Y. :</subfield><subfield code="b">J.M. Scaritt,</subfield><subfield code="c">1865-</subfield></datafield><datafield ind1=" " ind2=" " tag="300"><subfield code="a">v. :</subfield><subfield code="b">ill. (chiefly adv.) ;</subfield><subfield code="c">67 cm.</subfield></datafield><datafield ind1=" " ind2=" " tag="310"><subfield code="a">Weekly</subfield></datafield><datafield ind1="0" ind2=" " tag="362"><subfield code="a">Vol. 16, no. 16 [i.e. 15] (Nov. 3, 1865)-</subfield></datafield><datafield ind1="1" ind2=" " tag="362"><subfield code="a">Ceased in 1929?</subfield></datafield><datafield ind1=" " ind2=" " tag="500"><subfield code="a">Published as: The Clyde times and the Clyde Eagle, &lt;June 14, 1928&gt;.</subfield></datafield><datafield ind1=" " ind2=" " tag="500"><subfield code="a">Publishers: James M. Scarritt, 1865- ; Irwin A. Forte, &lt;1873&gt;; Forte Brothers, &lt;1876&gt;; Irwin A. Forte, &lt;1879-1884&gt;; Charles H. Betts, &lt;1928&gt;.</subfield></datafield><datafield ind1=" " ind2=" " tag="500"><subfield code="a">"Republican."</subfield></datafield><datafield ind1=" " ind2="0" tag="651"><subfield code="a">Clyde (N.Y.)</subfield><subfield code="v">Newspapers.</subfield></datafield><datafield ind1=" " ind2="0" tag="651"><subfield code="a">Wayne County (N.Y.)</subfield><subfield code="v">Newspapers.</subfield></datafield><datafield ind1=" " ind2="7" tag="655"><subfield code="a">Newspapers.</subfield><subfield code="2">fast</subfield><subfield code="0">(OCoLC)fst01423814</subfield></datafield><datafield ind1=" " ind2="7" tag="651"><subfield code="a">New York (State)</subfield><subfield code="z">Clyde.</subfield><subfield code="2">fast</subfield><subfield code="0">(OCoLC)fst01216528</subfield></datafield><datafield ind1=" " ind2="7" tag="651"><subfield code="a">New York (State)</subfield><subfield code="z">Wayne County.</subfield><subfield code="2">fast</subfield><subfield code="0">(OCoLC)fst01206235</subfield></datafield><datafield ind1=" " ind2=" " tag="752"><subfield code="a">United States</subfield><subfield code="b">New York</subfield><subfield code="c">Wayne</subfield><subfield code="d">Clyde.</subfield></datafield><datafield ind1="0" ind2="0" tag="780"><subfield code="t">Clyde weekly times</subfield><subfield code="w">(DLC)sn 85026238</subfield></datafield><datafield ind1="0" ind2="7" tag="785"><subfield code="t">Lyons Republican and Wayne County review</subfield><subfield code="w">(DLC)sn 89071359</subfield><subfield code="w">(OCoLC)19968693</subfield></datafield><datafield ind1="0" ind2="7" tag="785"><subfield code="t">Lyons Republican and the Clyde times</subfield><subfield code="w">(DLC)sn 86033365</subfield></datafield><datafield ind1=" " ind2=" " tag="938"><subfield code="a">Kirtas Technologies, Inc.</subfield><subfield code="b">KRTS</subfield><subfield code="n">737543</subfield></datafield></record>